<record xmlns="http://www.loc.gov/MARC21/slim" xmlns:xsi="http://www.w3.org/2001/XMLSchema-instance" xsi:schemaLocation="http://www.loc.gov/MARC21/slim http://www.loc.gov/standards/marcxml/schema/MARC21slim.xsd"><leader>00456nz   2200133n  4500</leader><controlfield tag="001">oca05410684 </controlfield><controlfield tag="005">20010205104429.0</controlfield><controlfield tag="008">010205n| acannaabn          |n aaa      </controlfield><datafield ind1=" " ind2=" " tag="010"><subfield code="a">n 2001003970</subfield></datafield><datafield ind1=" " ind2=" " tag="040"><subfield code="a">DLC</subfield><subfield code="b">eng</subfield><subfield code="c">DLC</subfield></datafield><datafield ind1="0" ind2=" " tag="100"><subfield code="a">Pseudo Aristotele</subfield></datafield><datafield ind1=" " ind2=" " tag="670"><subfield code="a">I colori, c1999:</subfield><subfield code="b">t.p. (Pseudo Aristotele)</subfield></datafield><datafield ind1=" " ind2=" " tag="670"><subfield code="a">Harper's dict. of class. lit. and antiquities, 1962</subfield><subfield code="b">(under Aristotele: authorship of De coloribus is uncertain)</subfield></datafield><datafield ind1=" " ind2=" " tag="675"><subfield code="a">Oxford class. dict., 1996</subfield></datafield></record>